@Article{Hrushovski2004,
  author  = {Hrushovski, Ehud},
  title   = {The elementary theory of the Frobenius automorphisms},
  journal = {arXiv preprint math/0406514},
  year    = {2004},
}

@Book{Buium2005,
  title      = {Arithmetic differential equations},
  publisher  = {American Mathematical Society, Providence, RI},
  year       = {2005},
  author     = {Buium, Alexandru},
  volume     = {118},
  series     = {Mathematical Surveys and Monographs},
  isbn       = {0-8218-3862-8},
  doi        = {10.1090/surv/118},
  mrclass    = {14G20 (14G35 14L05)},
  mrnumber   = {2166202},
  mrreviewer = {Alain Salinier},
  pages      = {xxxii+310},
  url        = {https://doi-org.ezproxy.uvm.edu/10.1090/surv/118},
}

@Article{Buium1997,
  author     = {Buium, Alexandru},
  title      = {Arithmetic analogues of derivations},
  journal    = {J. Algebra},
  year       = {1997},
  volume     = {198},
  number     = {1},
  pages      = {290--299},
  issn       = {0021-8693},
  doi        = {10.1006/jabr.1997.7177},
  fjournal   = {Journal of Algebra},
  mrclass    = {12H05 (12H10)},
  mrnumber   = {1482984},
  mrreviewer = {G. Eisenreich},
  url        = {https://doi-org.ezproxy.uvm.edu/10.1006/jabr.1997.7177},
}

@Article{Borger2005,
  author     = {Borger, James and Wieland, Ben},
  title      = {Plethystic algebra},
  journal    = {Adv. Math.},
  year       = {2005},
  volume     = {194},
  number     = {2},
  pages      = {246--283},
  issn       = {0001-8708},
  doi        = {10.1016/j.aim.2004.06.006},
  fjournal   = {Advances in Mathematics},
  mrclass    = {13K05 (13A99 16W30)},
  mrnumber   = {2139914},
  mrreviewer = {Stefaan Caenepeel},
  url        = {https://doi-org.ezproxy.uvm.edu/10.1016/j.aim.2004.06.006},
}

@Book{Buium1994,
  title      = {Differential algebra and {D}iophantine geometry},
  publisher  = {Hermann, Paris},
  year       = {1994},
  author     = {Buium, Alexandru},
  series     = {Actualit\'{e}s Math\'{e}matiques. [Current Mathematical Topics]},
  isbn       = {2-7056-6226-X},
  mrclass    = {12H05 (11G10 14K05)},
  mrnumber   = {1487891},
  mrreviewer = {A. N. Parshin},
  pages      = {x+182},
}

@Article{Borger2005a,
  author     = {Borger, James and Wieland, Ben},
  title      = {Plethystic algebra},
  journal    = {Adv. Math.},
  year       = {2005},
  volume     = {194},
  number     = {2},
  pages      = {246--283},
  issn       = {0001-8708},
  doi        = {10.1016/j.aim.2004.06.006},
  fjournal   = {Advances in Mathematics},
  mrclass    = {13K05 (13A99 16W30)},
  mrnumber   = {2139914},
  mrreviewer = {Stefaan Caenepeel},
  url        = {https://doi-org.ezproxy.uvm.edu/10.1016/j.aim.2004.06.006},
}

@Book{Kolchin1973,
  title      = {Differential algebra and algebraic groups},
  publisher  = {Academic Press, New York-London},
  year       = {1973},
  author     = {Kolchin, E. R.},
  note       = {Pure and Applied Mathematics, Vol. 54},
  mrclass    = {12H05},
  mrnumber   = {0568864},
  mrreviewer = {P. Blum},
  pages      = {xviii+446},
}

@Article{Ritt1943,
  author     = {Ritt, J. F.},
  title      = {B\'{e}zout's theorem and algebraic differential equations},
  journal    = {Trans. Amer. Math. Soc.},
  year       = {1943},
  volume     = {53},
  pages      = {74--82},
  issn       = {0002-9947},
  doi        = {10.2307/1990132},
  fjournal   = {Transactions of the American Mathematical Society},
  mrclass    = {36.0X},
  mrnumber   = {8300},
  mrreviewer = {N. Jacobson},
  url        = {https://doi-org.ezproxy.uvm.edu/10.2307/1990132},
}

@Book{Ritt1950,
  title      = {Differential {A}lgebra},
  publisher  = {American Mathematical Society, New York, N. Y.},
  year       = {1950},
  author     = {Ritt, Joseph Fels},
  series     = {American Mathematical Society Colloquium Publications, Vol. XXXIII},
  mrclass    = {09.1X},
  mrnumber   = {0035763},
  mrreviewer = {T. Nakayama},
  pages      = {viii+184},
}

@Article{Dupuy2019,
  author     = {Dupuy, Taylor and Katz, Eric and Rabinoff, Joseph and Zureick-Brown, David},
  title      = {Total {$p$}-differentials on schemes over {$\bold{Z}/p^2$}},
  journal    = {J. Algebra},
  year       = {2019},
  volume     = {524},
  pages      = {110--123},
  issn       = {0021-8693},
  doi        = {10.1016/j.jalgebra.2019.01.003},
  fjournal   = {Journal of Algebra},
  mrclass    = {14G17 (12H05 13F35 14G15)},
  mrnumber   = {3903661},
  mrreviewer = {Yukihide Takayama},
  url        = {https://doi-org.ezproxy.uvm.edu/10.1016/j.jalgebra.2019.01.003},
}

@Article{Moosa2011,
  author     = {Moosa, Rahim and Scanlon, Thomas},
  title      = {Generalized {H}asse-{S}chmidt varieties and their jet spaces},
  journal    = {Proc. Lond. Math. Soc. (3)},
  year       = {2011},
  volume     = {103},
  number     = {2},
  pages      = {197--234},
  issn       = {0024-6115},
  doi        = {10.1112/plms/pdq055},
  fjournal   = {Proceedings of the London Mathematical Society. Third Series},
  mrclass    = {14A99 (12H99)},
  mrnumber   = {2821241},
  mrreviewer = {Alexander B. Levin},
  url        = {https://doi-org.ezproxy.uvm.edu/10.1112/plms/pdq055},
}

@Article{Moosa2010,
  author     = {Moosa, Rahim and Scanlon, Thomas},
  title      = {Jet and prolongation spaces},
  journal    = {J. Inst. Math. Jussieu},
  year       = {2010},
  volume     = {9},
  number     = {2},
  pages      = {391--430},
  issn       = {1474-7480},
  doi        = {10.1017/S1474748010000010},
  fjournal   = {Journal of the Institute of Mathematics of Jussieu. JIMJ. Journal de l'Institut de Math\'{e}matiques de Jussieu},
  mrclass    = {14E18 (13N99)},
  mrnumber   = {2602031},
  mrreviewer = {Julien Sebag},
  url        = {https://doi-org.ezproxy.uvm.edu/10.1017/S1474748010000010},
}

@Article{MR2763952,
  author     = {Wood, Melanie Matchett},
  title      = {Rings and ideals parameterized by binary {$n$}-ic forms},
  journal    = {J. Lond. Math. Soc. (2)},
  year       = {2011},
  volume     = {83},
  number     = {1},
  pages      = {208--231},
  issn       = {0024-6107},
  doi        = {10.1112/jlms/jdq074},
  fjournal   = {Journal of the London Mathematical Society. Second Series},
  mrclass    = {11E76 (11R04)},
  mrnumber   = {2763952},
  mrreviewer = {A. Peth\H{o}},
  url        = {https://doi-org.ezproxy.uvm.edu/10.1112/jlms/jdq074},
}

@Article{Borchardt1865,
  author  = {Borchardt, CW and Jacobi, CGJ},
  title   = {De investigando ordine systematis aequationum differentialium vulgarium cujuscunque.},
  journal = {Journal f{\"u}r die reine und angewandte Mathematik},
  year    = {1865},
  volume  = {64},
  pages   = {297--320},
}

@Article{Ritt1935,
  author   = {Ritt, J. F.},
  journal  = {Ann. of Math. (2)},
  title    = {Jacobi's problem on the order of a system of differential equations},
  year     = {1935},
  issn     = {0003-486X},
  number   = {2},
  pages    = {303--312},
  volume   = {36},
  doi      = {10.2307/1968572},
  fjournal = {Annals of Mathematics. Second Series},
  mrclass  = {DML},
  mrnumber = {1503224},
  url      = {https://doi-org.ezproxy.uvm.edu/10.2307/1968572},
}

@Article{Shafarevich1981,
  author     = {Shafarevich, I. R.},
  title      = {On some infinite-dimensional groups. {II}},
  journal    = {Izv. Akad. Nauk SSSR Ser. Mat.},
  year       = {1981},
  volume     = {45},
  number     = {1},
  pages      = {214--226, 240},
  issn       = {0373-2436},
  fjournal   = {Izvestiya Akademii Nauk SSSR. Seriya Matematicheskaya},
  mrclass    = {14L15},
  mrnumber   = {607583},
  mrreviewer = {T. Kambayashi},
}

@Article{Ritt1943,
  author     = {Ritt, J. F.},
  journal    = {Trans. Amer. Math. Soc.},
  title      = {B\'{e}zout's theorem and algebraic differential equations},
  year       = {1943},
  issn       = {0002-9947},
  pages      = {74--82},
  volume     = {53},
  doi        = {10.2307/1990132},
  fjournal   = {Transactions of the American Mathematical Society},
  mrclass    = {36.0X},
  mrnumber   = {8300},
  mrreviewer = {N. Jacobson},
  url        = {https://doi-org.ezproxy.uvm.edu/10.2307/1990132},
}

@Article{Lando1970,
  author     = {Lando, Barbara A.},
  journal    = {Trans. Amer. Math. Soc.},
  title      = {Jacobi's bound for the order of systems of first order differential equations},
  year       = {1970},
  issn       = {0002-9947},
  pages      = {119--135},
  volume     = {152},
  doi        = {10.2307/1995642},
  fjournal   = {Transactions of the American Mathematical Society},
  mrclass    = {12.80},
  mrnumber   = {279079},
  mrreviewer = {K. Okugawa},
  url        = {https://doi-org.ezproxy.uvm.edu/10.2307/1995642},
}

@Book{Saito2000,
  author     = {Saito, Mutsumi and Sturmfels, Bernd and Takayama, Nobuki},
  publisher  = {Springer-Verlag, Berlin},
  title      = {Gr\"{o}bner deformations of hypergeometric differential equations},
  year       = {2000},
  isbn       = {3-540-66065-8},
  series     = {Algorithms and Computation in Mathematics},
  volume     = {6},
  doi        = {10.1007/978-3-662-04112-3},
  mrclass    = {13N10 (13P10 16S32 32C38 33C80 68W30)},
  mrnumber   = {1734566},
  mrreviewer = {Francisco Jes\'{u}s Castro-Jim\'{e}nez},
  pages      = {viii+254},
  url        = {https://doi-org.ezproxy.uvm.edu/10.1007/978-3-662-04112-3},
}

@Article{Ollivier2007,
  author   = {Ollivier, Fran\c{c}ois and Sadik, Brahim},
  journal  = {C. R. Math. Acad. Sci. Paris},
  title    = {La borne de {J}acobi pour une diffi\'{e}t\'{e} d\'{e}finie par un syst\`eme quasi r\'{e}gulier},
  year     = {2007},
  issn     = {1631-073X},
  number   = {3},
  pages    = {139--144},
  volume   = {345},
  doi      = {10.1016/j.crma.2007.06.010},
  fjournal = {Comptes Rendus Math\'{e}matique. Acad\'{e}mie des Sciences. Paris},
  mrclass  = {34A26 (12H05 34C20)},
  mrnumber = {2344812},
  url      = {https://doi-org.ezproxy.uvm.edu/10.1016/j.crma.2007.06.010},
}

@Article{Ollivier2022,
  author    = {Ollivier, Fran{\c{c}}ois},
  journal   = {Applicable Algebra in Engineering, Communication and Computing},
  title     = {Jacobiâ€™s Bound: Jacobiâ€™s results translated in K{\H{o}}nigâ€™s, Egerv{\'a}ryâ€™s and Rittâ€™s mathematical languages},
  year      = {2022},
  pages     = {1--93},
  publisher = {Springer},
}

@Article{Vakil2015,
  author  = {Vakil, Ravi},
  journal = {preprint},
  title   = {The rising sea: Foundations of algebraic geometry},
  year    = {2015},
}

@Article{Jacobi1865,
  author   = {Jacobi, C. G. J. and Borchardt, C. W.},
  journal  = {J. Reine Angew. Math.},
  title    = {De investigando ordine systematis aequationum differentialium vulgarium cujuscunque},
  year     = {1865},
  issn     = {0075-4102},
  pages    = {297--320},
  volume   = {64},
  doi      = {10.1515/crll.1865.64.297},
  fjournal = {Journal f\"{u}r die Reine und Angewandte Mathematik. [Crelle's Journal]},
  mrclass  = {DML},
  mrnumber = {1579301},
  url      = {https://doi-org.ezproxy.uvm.edu/10.1515/crll.1865.64.297},
}

@Article{Jacobi2009,
  author   = {Jacobi, Carl Gustav Jacob},
  journal  = {Appl. Algebra Engrg. Comm. Comput.},
  title    = {The reduction to normal form of a non-normal system of differential equations. {D}e aequationum differentialium systemate non normali ad formam normalem revocando},
  year     = {2009},
  issn     = {0938-1279},
  note     = {Translated from the Latin manuscript by Fran\c{c}ois Ollivier, Edited by Sigismund Cohn, C. W. Borchardt, and A. Clebsch},
  number   = {1},
  pages    = {33--64},
  volume   = {20},
  doi      = {10.1007/s00200-009-0088-2},
  fjournal = {Applicable Algebra in Engineering, Communication and Computing},
  mrclass  = {01A75 (12H05 34C20 90C05 90C27)},
  mrnumber = {2496660},
  url      = {https://doi-org.ezproxy.uvm.edu/10.1007/s00200-009-0088-2},
}

@Article{Buium1993,
  author   = {Buium, Alexandru},
  journal  = {Duke Math. J.},
  title    = {Effective bound for the geometric {L}ang conjecture},
  year     = {1993},
  issn     = {0012-7094},
  number   = {2},
  pages    = {475--499},
  volume   = {71},
  doi      = {10.1215/S0012-7094-93-07120-7},
  fjournal = {Duke Mathematical Journal},
  mrclass  = {14K05},
  mrnumber = {1233446},
  url      = {https://doi-org.ezproxy.uvm.edu/10.1215/S0012-7094-93-07120-7},
}

@Comment{jabref-meta: databaseType:bibtex;}
